@book{tomasi2004sistemas,
	author    = {Wayne Tomasi},
	title     = {Sistemas de Comunicaciones Electr√≥nicas},
	edition   = {4},
	year      = {2004},
	publisher = {Prentice Hall},
	language  = {Spanish}
}
