@book{stremler2006,
	author    = {F.G. Stremler},
	title     = {Introducción a los Sistemas de Comunicación},
	year      = {2006},
	edition   = {Edición especial},
	publisher = {Prentice Hall},
	language  = {Spanish}
}

@book{boylestad2010,
	author    = {Robert L. Boylestad and Louis Nashelsky},
	title     = {Electrónica: Teoría de Circuitos y Dispositivos Electrónicos},
	year      = {2010},
	edition   = {Décima edición},
	publisher = {Pearson Educación},
	language  = {Spanish}
}
@book{tomasi_comunicaciones,
	author    = {Tomasi, Wayne},
	title     = {Sistemas de Comunicaciones Electrónicas},
	edition   = {4},
	publisher = {Pearson Educación},
	year      = {2003},
	address   = {México},
	isbn      = {970-26-0316-3}
}