@book{stremler2006,
	title = {Introducción a los Sistemas de Comunicación},
	author = {F. G. Stremler},
	year = {2006},
	edition = {Especial},
	publisher = {},
	note = {Edición Especial 2006}
}